@book{Cohen:1978,
author = {Cohen, J E},
title = {{Food webs and niche space}},
publisher = {Princeton University Press},
year = {1978},
address = {Princeton, New Jersey, US}
}

