%% Created using Papers on Fri, 07 Aug 2015.
%% http://papersapp.com/papers/

@article{BanasekRichter:2004ik,
author = {Banasek-Richter, C and Cattin, MF and Bersier, LF},
title = {{Sampling effects and the robustness of quantitative and qualitative food-web descriptors}},
journal = {Journal Of Theoretical Biology},
year = {2004},
volume = {226},
pages = {23--32},
month = jan
}

@book{Bascompte:2014to,
author = {Bascompte, Jordi and Jordano, Pedro},
title = {{Mutualistic networks}},
publisher = {Princeton University Press},
year = {2014},
series = {Monographs in Population Biology, No. 53},
address = {Princeton, NJ}
}

@article{Bersier:2002p9371,
author = {Bersier, LF and Banasek-Richter, C and Cattin, MF},
title = {{Quantitative descriptors of food-web matrices}},
journal = {Ecology},
year = {2002},
volume = {83},
number = {9},
pages = {2394{\textendash}2407}
}

@article{Bosch:2009jga,
author = {Bosch, Jordi and Mart{\'\i}n Gonz{\'a}lez, Ana M and Rodrigo, Anselm and Navarro, David},
title = {{Plant-pollinator networks: adding the pollinator{\textquoteright}s perspective}},
journal = {Ecology Letters},
year = {2009},
volume = {12},
number = {5},
pages = {409--419},
month = may
}

@article{Brose:2003wv,
author = {Brose, U and Martinez, ND and Williams, RJ},
title = {{Estimating species richness: Sensitivity to sample coverage and insensitivity to spatial patterns}},
journal = {Ecology},
year = {2003},
volume = {84},
number = {9},
pages = {2364--2377},
month = jan
}

@article{Bunge:1993kj,
author = {Bunge, J and Fitzpatrick, M},
title = {{Estimating the number of species: a review}},
journal = {Journal of the American Statistical Association},
year = {1993},
volume = {88},
pages = {364--373}
}

@article{Chacoff:2012,
author = {Chacoff, Natacha P and Vazquez, Diego P and Lomascolo, Silvia B and Stevani, Erica L and Dorado, Jimena and Padr{\'o}n, Benigno},
title = {{Evaluating sampling completeness in a desert plant-pollinator network}},
journal = {Journal of Animal Ecology},
year = {2012},
volume = {81},
number = {1},
pages = {190--200},
month = jan
}

@article{Chao:2009wq,
author = {Chao, Anne and Colwell, Robert K and Lin, Chih-Wei and Gotelli, Nicholas J},
title = {{Sufficient sampling for asymptotic minimum species richness estimators}},
journal = {Ecology},
year = {2009},
volume = {90},
number = {4},
pages = {1125--1133},
month = jan
}

@incollection{Chao:2005wp,
author = {Chao, Anne},
title = {{Species richness estimation}},
booktitle = {Encyclopedia of Statistical Sciences},
year = {2005},
pages = {7909--7916},
address = {New York, USA}
}

@article{Coddington:2009fi,
author = {Coddington, Jonathan A and Agnarsson, Ingi and Miller, Jeremy A and Kuntner, Matja{\v z} and Hormiga, Gustavo},
title = {{Undersampling bias: the null hypothesis for singleton species in tropical arthropod surveys}},
journal = {Journal of Animal Ecology},
year = {2009},
volume = {78},
number = {3},
pages = {573--584},
month = may
}

@article{Colwell:1994vt,
author = {Colwell, RK and Coddington, JA},
title = {{Estimating terrestrial biodiversity through extrapolation}},
journal = {Philosophical Transactions Of The Royal Society Of London Series B-Biological Sciences},
year = {1994},
volume = {345},
number = {1311},
pages = {101--118},
month = jan
}

@article{Colwell:2013kjs,
author = {Colwell, Robert K},
title = {{EstimateS: Biodiversity Estimation}},
year = {2015},
pages = {1--33},
month = jun
}

@incollection{Colwell:2009gv,
author = {Colwell, Robert K},
title = {{Biodiversity: concepts, patterns, and measurement}},
booktitle = {The Princeton Guide to Ecology},
year = {2009},
publisher = {Princeton University Press},
address = {Princeton}
}

@article{Dorado:2011cf,
author = {Dorado, Jimena and Vazquez, Diego P and Stevani, Erica L and Chacoff, Natacha P},
title = {{Rareness and specialization in plant-pollinator networks}},
journal = {Ecology},
year = {2011},
volume = {92},
number = {1},
pages = {19--25},
month = jan
}

@article{Gibson:2011eh,
author = {Gibson, Rachel H and Knott, Ben and Eberlein, Tim and Memmott, Jane},
title = {{Sampling method influences the structure of plant{\textendash}pollinator networks}},
journal = {Oikos},
year = {2011},
volume = {120},
number = {6},
pages = {822--831}
}

@incollection{Gotelli:2011tb,
author = {Gotelli, Nicholas J and Colwell, Robert K},
title = {{Estimating species richness}},
booktitle = {Biological Diversity Frontiers in Measurement and Assessment},
year = {2011},
editor = {Magurran, Anne E and McGill, Brian J},
pages = {39--54},
address = {Oxford, UK}
}

@article{Gotelli:2001uo,
author = {Gotelli, NJ and Colwell, RK},
title = {{Quantifying biodiversity: procedures and pitfalls in the measurement and comparison of species richness}},
journal = {Ecology Letters},
year = {2001},
volume = {4},
pages = {379--391},
month = jan
}

@article{Hortal:2006dc,
author = {Hortal, J and Borges, PAV and Gaspar, C},
title = {{Evaluating the performance of species richness estimators: sensitivity to sample grain size}},
journal = {Journal of Animal Ecology},
year = {2006},
volume = {75},
number = {1},
pages = {274--287},
month = jan
}

@incollection{Jordano:2009c,
author = {Jordano, P and V{\'a}zquez, D and Bascompte, J},
title = {{Redes complejas de interacciones planta---animal}},
year = {2009},
editor = {Medel, R and Dirzo, R and Zamora, R},
pages = {17--41},
organization = {Ed. Universitaria, Chile},
publisher = {Editorial Universitaria},
address = {Santiago, Chile}
}

@article{E31.7324_PDF,
author = {Jordano, P and Bascompte, J and Olesen, JM},
title = {{Invariant properties in coevolutionary networks of plant-animal interactions}},
journal = {Ecology Letters},
year = {2003},
volume = {6},
pages = {69--81},
month = jan
}

@article{E31/2562,
author = {Jordano, P},
title = {{Patterns of mutualistic interactions in pollination and seed dispersal: connectance, dependence asymmetries, and coevolution}},
journal = {The American Naturalist},
year = {1987},
volume = {129},
pages = {657--677}
}

@article{Kissling:2014kc,
author = {Kissling, W Daniel and Schleuning, Matthias},
title = {{Multispecies interactions across trophic levels at macroscales: retrospective and future directions}},
journal = {Ecography},
year = {2014},
volume = {38},
number = {4},
pages = {346--357},
month = apr
}

@book{Magurran:1988mm,
author = {Magurran, A.E.},
title = {{Ecological diversity and its measurement}},
publisher = {Princeton University Press},
year = {1988},
address = {Princeton, US}
}

@incollection{Memmott:2006vy,
author = {Memmott, J and Alonso, D and Berlow, E and Dobson, Andy and Dunne, Jennifer A and Sol{\'e}, Ricard V and Weitz, Joshua S},
title = {{Biodiversity loss and ecological network structure}},
booktitle = {Ecological Networks Linking Structure to Dynamics in Food Webs},
year = {2006},
editor = {Pascual, Mercedes and Dunne, Jennifer A},
pages = {325--347},
publisher = {Oxford University Press},
address = {Oxford, UK}
}

@article{More:2012kx,
author = {Mor{\'e}, Marcela and Amorim, Felipe W and Benitez-Vieyra, Santiago and Medina, A Martin and Sazima, Marlies and Cocucci, Andrea A},
title = {{Armament Imbalances: Match and Mismatch in Plant-Pollinator Traits of Highly Specialized Long-Spurred Orchids}},
journal = {PLoS ONE},
year = {2012},
volume = {7},
number = {7},
pages = {e41878},
month = jul
}

@article{Nielsen:2007,
author = {Nielsen, A and Bascompte, J},
title = {{Ecological networks, nestedness and sampling effort}},
journal = {Journal of Ecology},
year = {2007},
volume = {95},
pages = {1134{\textendash}1141--1141}
}

@article{Olesen:2011a,
author = {Olesen, Jens M and Bascompte, Jordi and Dupont, Yoko L and Elberling, Heidi and Jordano, Pedro},
title = {{Missing and forbidden links in mutualistic networks}},
journal = {Proceedings Of The Royal Society B-Biological Sciences},
year = {2011},
volume = {278},
number = {1706},
pages = {725--732},
month = jan
}

@article{Olito:2014gt,
author = {Olito, Colin and Fox, Jeremy W},
title = {{Species traits and abundances predict metrics of plant-pollinator network structure, but not pairwise interactions}},
journal = {Oikos},
year = {2014},
volume = {124},
number = {4},
pages = {428--436},
month = sep
}

@article{Ollerton:2002jw,
author = {Ollerton, J and Cranmer, L},
title = {{Latitudinal trends in plant-pollinator interactions: are tropical plants more specialised?}},
journal = {Oikos},
year = {2002},
volume = {98},
pages = {340--350}
}

@article{Pereira:2013ji,
author = {Pereira, H M and Ferrier, S. and Walters, M and Geller, G N and Jongman, R H G and Scholes, R J and Bruford, M. W. and Brummitt, N and Butchart, S H M and Cardoso, A C and Coops, N.C. and Dulloo, E and Faith, D.P. and Freyhof, J. and Gregory, R. D. and Heip, C and Hoft, R and Hurtt, G and Jetz, W and Karp, D S and Mcgeoch, M.A. and Obura, D and Onoda, Y and Pettorelli, N and Reyers, B and Sayre, R and Scharlemann, J P W and Stuart, S.N. and Turak, E and Walpole, M and Wegmann, M},
title = {{Essential biodiversity variables}},
journal = {Science},
year = {2013},
volume = {339},
number = {6117},
pages = {277--278},
month = jan
}

@article{RiveraHutinel:2012vn,
author = {Rivera-Hutinel, A and Bustamante, R O and Mar{\'\i}n, V H and Medel, R},
title = {{Effects of sampling completeness on the structure of plant-pollinator networks.}},
journal = {Ecology},
year = {2012},
volume = {93},
number = {7},
pages = {1593--1603},
month = jul
}

@book{Snow:1988iu,
author = {Snow, BK and Snow, DW},
title = {{Birds and berries}},
year = {1988},
address = {Calton, UK}
}

@article{ValienteBanuet:2014bw,
author = {Valiente-Banuet, Alfonso and Aizen, Marcelo A and Alc{\'a}ntara, Julio M and Arroyo, Juan and Cocucci, Andrea and Galetti, Mauro and Garc{\'\i}a, Mar{\'\i}a B and Garc{\'\i}a, Daniel and Gomez, Jose M and Jordano, Pedro and Medel, Rodrigo and NAVARRO, LUIS and Obeso, Jos{\'e} R and Oviedo, Ramona and Ram{\'\i}rez, Nelson and Rey, Pedro J and Traveset, Anna and Verd{\'u}, Miguel and Zamora, Regino},
title = {{Beyond species loss: the extinction of ecological interactions in a changing world}},
journal = {Functional Ecology},
year = {2014},
volume = {29},
number = {3},
pages = {299--307},
month = nov
}

@article{Vazquez:2015ec,
author = {Vazquez, Diego P and Ramos-Jiliberto, Rodrigo and Urbani, Pasquinell and Valdovinos, Fernanda S},
title = {{A conceptual framework for studying the strength of plant-animal mutualistic interactions}},
journal = {Ecology Letters},
year = {2015},
pages = {n/a--n/a},
month = mar
}

@article{Vazquez:2009p82,
author = {Vazquez, Diego P and Chacoff, Natacha P and Cagnolo, Luciano},
title = {{Evaluating multiple determinants of the structure of plant-animal mutualistic networks}},
journal = {Ecology},
year = {2009},
volume = {90},
number = {8},
pages = {2039--2046},
month = jan
}

